@BOOK{MMETH,
	TITLE="Einführung in die physikalischen Messmethoden",
	PUBLISHER="Institut für Experimentalphysik Technische Universität Graz",
	YEAR="2021"
}

@Online{PYTHON,
	TITLE="The Python Language Reference",
	PUBLISHER="Python Software Foundation",
	DATE="2021-11-11",
	URL="https://docs.python.org/3/reference/"
}

@ONLINE{UN,
	TITLE="uncertainties",
	PUBLISHER="Eric O. Lebigot",
	DATE="2021-10-22",
	URL="https://pythonhosted.org/uncertainties/"
}

@ARTICLE{2020SciPy-NMeth,
  author  = {Virtanen, Pauli and Gommers, Ralf and Oliphant, Travis E. and
            Haberland, Matt and Reddy, Tyler and Cournapeau, David and
            Burovski, Evgeni and Peterson, Pearu and Weckesser, Warren and
            Bright, Jonathan and {van der Walt}, St{\'e}fan J. and
            Brett, Matthew and Wilson, Joshua and Millman, K. Jarrod and
            Mayorov, Nikolay and Nelson, Andrew R. J. and Jones, Eric and
            Kern, Robert and Larson, Eric and Carey, C J and
            Polat, {\.I}lhan and Feng, Yu and Moore, Eric W. and
            {VanderPlas}, Jake and Laxalde, Denis and Perktold, Josef and
            Cimrman, Robert and Henriksen, Ian and Quintero, E. A. and
            Harris, Charles R. and Archibald, Anne M. and
            Ribeiro, Ant{\^o}nio H. and Pedregosa, Fabian and
            {van Mulbregt}, Paul and {SciPy 1.0 Contributors}},
  title   = {{{SciPy} 1.0: Fundamental Algorithms for Scientific
            Computing in Python}},
  journal = {Nature Methods},
  year    = {2020},
  volume  = {17},
  pages   = {261--272},
  adsurl  = {https://rdcu.be/b08Wh},
  doi     = {10.1038/s41592-019-0686-2},
}

@Article{         harris2020array,
 title         = {Array programming with {NumPy}},
 author        = {Charles R. Harris and K. Jarrod Millman and St{\'{e}}fan J.
                 van der Walt and Ralf Gommers and Pauli Virtanen and David
                 Cournapeau and Eric Wieser and Julian Taylor and Sebastian
                 Berg and Nathaniel J. Smith and Robert Kern and Matti Picus
                 and Stephan Hoyer and Marten H. van Kerkwijk and Matthew
                 Brett and Allan Haldane and Jaime Fern{\'{a}}ndez del
                 R{\'{i}}o and Mark Wiebe and Pearu Peterson and Pierre
                 G{\'{e}}rard-Marchant and Kevin Sheppard and Tyler Reddy and
                 Warren Weckesser and Hameer Abbasi and Christoph Gohlke and
                 Travis E. Oliphant},
 year          = {2020},
 month         = sep,
 journal       = {Nature},
 volume        = {585},
 number        = {7825},
 pages         = {357--362},
 doi           = {10.1038/s41586-020-2649-2},
 publisher     = {Springer Science and Business Media {LLC}},
 url           = {https://doi.org/10.1038/s41586-020-2649-2}
}

@software{reback2020pandas,
    author       = {The pandas development team},
    title        = {pandas-dev/pandas: Pandas},
    month        = feb,
    year         = 2020,
    publisher    = {Zenodo},
    version      = {latest},
    doi          = {10.5281/zenodo.3509134},
    url          = {https://doi.org/10.5281/zenodo.3509134}
}

@Article{Hunter:2007,
  Author    = {Hunter, J. D.},
  Title     = {Matplotlib: A 2D graphics environment},
  Journal   = {Computing in Science \& Engineering},
  Volume    = {9},
  Number    = {3},
  Pages     = {90--95},
  abstract  = {Matplotlib is a 2D graphics package used for Python for
  application development, interactive scripting, and publication-quality
  image generation across user interfaces and operating systems.},
  publisher = {IEEE COMPUTER SOC},
  doi       = {10.1109/MCSE.2007.55},
  year      = 2007
}

@BOOK{LAB,
	TITLE="Interferenz und Polarisation",
  AUTHOR="Joachim Krenn",
	PUBLISHER="Institut für Physik, Karl Franzens Universität Graz",
	YEAR="2023"
}

@BOOK{LAB2,
	TITLE="Wärmepumpe",
  AUTHOR="A. Hohenau",
	PUBLISHER="Institut für Physik, Karl Franzens Universität Graz",
	YEAR="2023"
}

@BOOK{LAB3,
	TITLE="Atom und Kernphysik, Atomhülle, Elektronenspinresonanz, LEYBOLD Handblätter Physik, P6.2.6.2 (V2/en)",
  AUTHOR="-",
	PUBLISHER="LEYBOLD DIDACTIC GMBH",
	YEAR="2007"
}

@BOOK{DEMTR1,
  AUTHOR="Wolfgang Demtröder",
  TITLE="Mechanik und Wärme",
  PUBLISHER="Springer Verlag",
  YEAR="2015"
}

@BOOK{DEMTR2,
  AUTHOR="Wolfgang Demtröder",
  TITLE="Experimentalphysik 2 Elektrizität und Optik",
  PUBLISHER="Springer Verlag",
  YEAR="2017"
}

@BOOK{PhyGruPra,
  AUTHOR="Hans Joachin Eichler, Heinz-Detlef Kronfeldt, Jürgen Sahm",
  TITLE="Das neue Physikalische Grundpraktikum",
  PUBLISHER="Springer Verlag",
  YEAR="2016"
}

@ONLINE{CSV,
  TITLE="Comma Seperated Values",
	PUBLISHER="Wikipedia",
	DATE="2021-11-19",
	URL="https://en.wikipedia.org/wiki/Comma-separated_values"
}

@ONLINE{USAF,
  TITLE="1951 USAF resolution test chart",
	PUBLISHER="Wikipedia",
	DATE="2021-12-08",
	URL="https://en.wikipedia.org/wiki/1951_USAF_resolution_test_chart#Pattern_format"
}

@ONLINE{DPSS,
  TITLE="Diode-pumped solid-state laser",
	PUBLISHER="Wikipedia",
	DATE="2021-12-08",
	URL="https://en.wikipedia.org/wiki/Diode-pumped_solid-state_laser"
}

@BOOK{Iodine,
  AUTHOR="Fred E. Stafford",
	TITLE="Band Spectra and Dissociation Energies, A Physical Chemistry Experiment",
	PUBLISHER="Northwestern University Evanston, Illinois",
	YEAR="1962"
}

@ONLINE{WATT,
  TITLE="C.A Series Datasheet",
  PUBLISHER="Chauvin Arnoux",
  DATE="2022-02-06",
  URL="https://meter.hu/ocs_files/2/2450_C.A4xx_datasheet.pdf"}

@ONLINE{MULTI1,
  TITLE="UT51-55 Datasheet",
  PUBLISHER="UNI-T",
  DATE="2022-02-06",
  URL="https://www.manua.ls/uni-t/ut51/manual?p=6"}

@Online{noauthor_kirchhoffsche_2022,
  title     = {Kirchhoffsche {Regeln}},
  url       = {https://de.wikipedia.org/w/index.php?title=Kirchhoffsche_Regeln&oldid=220627635},
  note      = {Page Version ID: 220627635},
  urldate   = {2023-02-21},
  copyright = {Creative Commons Attribution-ShareAlike License},
  month     = feb,
  year      = {2022},
}

 
@Misc{ESR-Lissajou,
  date         = {2021-03},
  title        = {English: {Application} of an oscillatory field (here 100 {kHz}) allows direct measurement of the first derivative in {EPR} spectroscopy. {Proper} implementation of field modulation is important to avoid signal distortions.},
  url          = {https://commons.wikimedia.org/wiki/File:EPR_Field_Modulation.svg},
  urldate      = {2023-03-28},
  collaborator = {{TungstenEinsteinium}},
  file         = {Wikimedia Image:http\://https//upload.wikimedia.org/wikipedia/commons/e/ea/EPR_Field_Modulation.svg:},
  shorttitle   = {EPR Field Modulation},
}

@Book{DEMTR3,
  author    = {Wolfgang Demtröder},
  date      = {2015},
  title     = {Experimentalphysik 3 Atome, Moleküle und Festkörper},
  publisher = {Springer Verlag},
}

 
@Misc{JouleThomson2023,
  title     = {Joule-{Thomson}-{Effekt}},
  note      = {Page Version ID: 232488254},
  url       = {https://de.wikipedia.org/w/index.php?title=Joule-Thomson-Effekt&oldid=232488254},
  urldate   = {2023-04-14},
  copyright = {Creative Commons Attribution-ShareAlike License},
}

@BOOK{LD1,
	TITLE="Gebrauchsanweisung Wärmepumpe pT 389 521",
  AUTHOR="-",
	PUBLISHER="LEYBOLD DIDACTIC GMBH",
	YEAR="2007"
}

@Online{R134apH,
  title     = {Appendix B - Log P/h diagrams for refrigerants},
  url       = {https://www.swep.net/refrigerant-handbook/appendix/appendix-b/},
  urldate   = {2023-04-18},
}

 
@Online{Doppelspalt,
  date      = {2023-02},
  title     = {Doppelspaltexperiment},
  url       = {https://de.wikipedia.org/w/index.php?title=Doppelspaltexperiment&oldid=230831455},
  note      = {Page Version ID: 230831455},
  urldate   = {2023-05-06},
  copyright = {Creative Commons Attribution-ShareAlike License},
}

@Online{PER,
  title     = {An Overview of Polarization Extiction Ratio Measurment Methods},
  url       = {https://lunainc.com/sites/default/files/assets/files/resource-library/PER-Measurement-Note.pdf},
  urldate   = {2023-05-06},
}
@Comment{jabref-meta: databaseType:biblatex;}
@Online{LUX,
  title     = {Betriebsanleitung Sauter Lichtmessgerät SO 200K},
  url       = {https://www.pkelektronik.com/media/downloads/b/e/bedienungsanleitung%20sauter%20lichtmessgeraet%20so%20200k.pdf},
  urldate   = {2023-05-06},
}