@BOOK{DEMTR,
    AUTHOR="Wolfgang Demtröder",
    TITLE="Experimentalphysik 1 Mechanik und Wärme",
    PUBLISHER="Springer Verlag. 8. Auflage",
    YEAR="2017"
}

@ONLINE{WELMEC,
    EDITOR="Western European Legal Metrology Cooperation",
    TITLE="Gravity Information",
    DATE="2021-03-14",
    URL="https://www.welmec.org/legal-metrology-information/gravity-information/"
}

@ONLINE{OSZISCHEMA,
	EDITOR="Saure",
	TITLE="Blockschaltbild eines Oszilloskops",
	DATE="2021-05-07",
	URL="https://commons.wikimedia.org/w/index.php?curid=52003487"
}

@ONLINE{OSZIBLOCK,
	EDITOR="Honina",
	TITLE="Funktionsschema eines Elektronenstrahloszilloskops",
	DATE="2021-05-07",
	URL="https://commons.wikimedia.org/w/index.php?curid=17232522"
}

@ONLINE{WAVE,
	EDITOR="TEquipment",
	TITLE="Agilent 33220A Function/Arbitrary Waveform Generator",
	DATE="2021-05-07",
	URL="https://www.tequipment.net/Agilent33220A.asp"
}

@ONLINE{LISS,
	TITLE="Lissjous-Figur",
	DATE="2021-10-13",
	URL="https://de.wikipedia.org/wiki/Lissajous-Figur"
}

@BOOK{LAB,
	TITLE="Silbercoulometer / Elektrolyse",
	PUBLISHER="Institut für Experimentalphysik Technische Universität Graz",
	YEAR="2021"
}

@ONLINE{ATOMM,
	TITLE="Wikipedia: Atomare Masseneinheit",
	DATE="2021-10-22",
	URL="https://de.wikipedia.org/wiki/Atomare_Masseneinheit"
}

@ONLINE{PROTM,
	TITLE="Wikipedia: Proton",
	DATE="2021-10-22",
	URL="https://de.wikipedia.org/wiki/Proton"
}

@ONLINE{NEUTM,
	TITLE="Wikipedia: Neutron",
	DATE="2021-10-22",
	URL="https://de.wikipedia.org/wiki/Neutron"
}

@ONLINE{PERMW,
	TITLE="Wikipedia: Permittivität",
	DATE="2021-10-22",
	URL="https://de.wikipedia.org/wiki/Permittivit%C3%A4t"
}

@ONLINE{PERMS,
	TITLE="Properties of substance: silver nitrate",
	DATE="2021-10-22",
	URL="http://chemister.ru/Database/properties-en.php?dbid=1&id=862"
}
